% This file was created with Citavi 5.4.0.2

@article{Garcia.,
 author = {Garcia, Roberto and Paulheim, Heiko and {Di Maio}, Paola},
 title = {Affective Graphs: The Visual Appeal of Linked Data},
 url = {https://moodle2.uni-leipzig.de/pluginfile.php/627299/course/section/196794/swj491_0.pdf},
 urldate = {25.11.2016},
 volume = {2009},
 number = {1-5},
 journal = {IOS~Press}
}


@article{Schaaf.,
 author = {Schaaf, Michael and Jahn, Franziska and Tahar, Kais and K{\"u}cherer, Christian and Winter, Alfred and Paech, Barbara},
 title = {Entwicklung und Einsatz einer Dom{\"a}nenontologie des Informationsmanagement im Krankenhaus},
 url = {https://moodle2.uni-leipzig.de/pluginfile.php/627299/course/section/196793/Schaaf_GI-Proceedings2015_Band-246.pdf},
 urldate = {25.11.2016},
 pages = {753--765},
 volume = {2015},
 journal = {Lecture Notes in Informatics}
}


@misc{VisualizationofLargeOntologiesinUniversityEducationfromaToolPointofView.September2016,
 author = {{Visualization of Large Ontologies in University Education from a Tool Point of View}},
 date = {September 2016},
 title = {Schaaf, Michael; Jahn, Franziska; Tahar, Kais; K{\"u}cherer, Christian; Winter, Alfred; Paech, Barbara},
 url = {https://www.researchgate.net/profile/Franziska_Jahn2/publication/308335068_Visualization_of_Large_Ontologies_in_University_Education_from_a_Tool_Point_of_View/links/57e1288c08ae9834b4e7e2e5.pdf},
 urldate = {27.11.2016},
 institution = {{University Leipzig}}
}


